@online{deportes2024,
  author    = {Juan Camilo Vinasco Diaz},
  title     = {Inauguraci√≥n de las TadeOlimpiadas},
  year      = {2025},
  url       = {https://www.utadeo.edu.co/es/multimedia/gallery/image/326231?page=15&fid=1092234},
}
